@article{Jnawali2020,
author = {Jnawali, Kamal and Chinni, Bhargava and Dogra, Vikram and Rao, Navalgund},
doi = {10.1007/s11548-019-02101-1},
issn = {18616429},
journal = {International Journal of Computer Assisted Radiology and Surgery},
keywords = {3D CNN,Cancer tissue detection,Classification,Computer-aided diagnosis,Deep learning,Machine learning,Prostate,Thyroid,Transfer learning},
number = {2},
pages = {309--320},
publisher = {Springer International Publishing},
title = {{Automatic cancer tissue detection using multispectral photoacoustic imaging}},
url = {https://doi.org/10.1007/s11548-019-02101-1},
volume = {15},
year = {2020}
}

